@article{freestone2011data,
  title={A data-driven framework for neural field modeling},
  author={Freestone, Dean R and Aram, Parham and Dewar, Michael and Scerri, Kenneth and Grayden, David B and Kadirkamanathan, Visakan},
  journal={NeuroImage},
  volume={56},
  number={3},
  pages={1043--1058},
  year={2011},
  publisher={Elsevier}
}
